@inproceedings{NEURIPS2021_03a3655f,
 author = {Yang, Kevin and Zhang, Tianjun and Cummins, Chris and Cui, Brandon and Steiner, Benoit and Wang, Linnan and Gonzalez, Joseph E and Klein, Dan and Tian, Yuandong},
 booktitle = {Advances in Neural Information Processing Systems},
 editor = {M. Ranzato and A. Beygelzimer and Y. Dauphin and P.S. Liang and J. Wortman Vaughan},
 pages = {378--391},
 publisher = {Curran Associates, Inc.},
 title = {Learning Space Partitions for Path Planning},
 url = {https://proceedings.neurips.cc/paper/2021/file/03a3655fff3e9bdea48de9f49e938e32-Paper.pdf},
 volume = {34},
 year = {2021}
}

@ARTICLE{4082128,
  author={Hart, Peter E. and Nilsson, Nils J. and Raphael, Bertram},
  journal={IEEE Transactions on Systems Science and Cybernetics}, 
  title={A Formal Basis for the Heuristic Determination of Minimum Cost Paths}, 
  year={1968},
  volume={4},
  number={2},
  pages={100-107},
  doi={10.1109/TSSC.1968.300136}
}

@article{ProbabilisticApproachCollaborativeMultiRobotLocalization,
author = {Fox, Dieter and Burgard, Wolfram and Kruppa, Hannes and Thrun, Sebastian},
year = {2000},
month = {06},
pages = {325-344},
title = {A Probabilistic Approach to Collaborative Multi-Robot Localization},
volume = {8},
journal = {Autonomous Robots},
doi = {10.1023/A:1008937911390}
}

@article{La-MCTS,
  author    = {Linnan Wang and Rodrigo Fonseca and Yuandong Tian},
  title     = {Learning Search Space Partition for Black-box Optimization using Monte Carlo Tree Search},
  journal   = {CoRR},
  volume    = {abs/2007.00708},
  year      = {2020},
  url       = {https://arxiv.org/abs/2007.00708},
  eprinttype = {arXiv},
  eprint    = {2007.00708},
  timestamp = {Mon, 06 Jul 2020 15:26:01 +0200},
  biburl    = {https://dblp.org/rec/journals/corr/abs-2007-00708.bib},
  bibsource = {dblp computer science bibliography, https://dblp.org}
}

@misc{CMA-ES,
  doi = {10.48550/ARXIV.1604.00772},
  url = {https://arxiv.org/abs/1604.00772},
  author = {Hansen, Nikolaus},
  keywords = {Machine Learning (cs.LG), Machine Learning (stat.ML), FOS: Computer and information sciences, FOS: Computer and information sciences},
  title = {The CMA Evolution Strategy: A Tutorial},
  publisher = {arXiv},
  year = {2016},
  copyright = {arXiv.org perpetual, non-exclusive license}
}

@inproceedings{VOOT,
  title={Monte Carlo Tree Search in Continuous Spaces Using Voronoi Optimistic Optimization with Regret Bounds},
  author={Beomjoon Kim and Kyungjae Lee and Sungbin Lim and Leslie Pack Kaelbling and Tomas Lozano-Perez},
  booktitle={AAAI Conference on Artificial Intelligence},
  year={2020}
}

@misc{LaNAS,
  doi = {10.48550/ARXIV.1906.06832},
  url = {https://arxiv.org/abs/1906.06832},
  author = {Wang, Linnan and Xie, Saining and Li, Teng and Fonseca, Rodrigo and Tian, Yuandong},
  keywords = {Machine Learning (cs.LG), Computer Vision and Pattern Recognition (cs.CV), Machine Learning (stat.ML), FOS: Computer and information sciences, FOS: Computer and information sciences},
  title = {Sample-Efficient Neural Architecture Search by Learning Action Space},
  publisher = {arXiv},
  year = {2019},
  copyright = {arXiv.org perpetual, non-exclusive license}
}

@misc{Pic:astar,
  author       = {Belwariar R.;},
  title        = {{A* Search Algorithm}},
  howpublished = {\url{https://www.geeksforgeeks.org/a-search-algorithm/}},
  year         = {18.12.2022}
}

@book{GrundkursKuenstlicheIntelligenz,
  title={{Grundkurs KÃ¼nstliche Intelligenz }},
  author={Ertel W.;},
  ISBN={978-3-658-32075-1},
  year={2021},
  publisher={Springer Vieweg Wiesbaden}
}

@Article{app9061057,
AUTHOR = {Liu, Chenguang and Mao, Qingzhou and Chu, Xiumin and Xie, Shuo},
TITLE = {An Improved A-Star Algorithm Considering Water Current, Traffic Separation and Berthing for Vessel Path Planning},
JOURNAL = {Applied Sciences},
VOLUME = {9},
YEAR = {2019},
NUMBER = {6},
ARTICLE-NUMBER = {1057},
URL = {https://www.mdpi.com/2076-3417/9/6/1057},
ISSN = {2076-3417},
DOI = {10.3390/app9061057}
}
